@misc{Docker,
	author       = {{Docker}},
	howpublished = {\url{https://www.docker.com/}},
	title        = {Docker (01/12/2021)},
}

@misc{SpringBoot,
	author       = {{Spring}},
	howpublished = {\url{https://spring.io/projects/spring-boot}},
	title        = {Spring Boot (01/12/2021)},
}

@misc{SpringDataJPA,
	author       = {{Spring}},
	howpublished = {\url{https://spring.io/projects/spring-data-jpa}},
	title        = {Spring Data JPA (01/12/2021)},
}

@misc{JMS,
	author       = {{Oracle}},
	howpublished = {\url{https://www.oracle.com/java/technologies/java-message-service.html}},
	title        = {Java Message Service (JMS) (01/12/2021)},
}

@misc{JMSGuide,
	author       = {{Spring}},
	howpublished = {\url{https://spring.io/guides/gs/messaging-jms/}},
	title        = {Messaging with JMS (01/12/2021)},
}

@misc{ThesisRepo,
	author       = {{martonorova}},
	howpublished = {\url{https://github.com/martonorova/msc-onlab}},
	title        = {Thesis repository (01/12/2021)},
}

@misc{Micrometer,
	author       = {{Pivotal Software, Inc.}},
	howpublished = {\url{https://micrometer.io/}},
	title        = {Micrometer (02/12/2021)},
}

@misc{ActiveMQ,
	author       = {{Apache}},
	howpublished = {\url{https://activemq.apache.org/}},
	title        = {Apache ActiveMQ (02/12/2021)},
}

@misc{MySQL,
	author       = {{Oracle}},
	howpublished = {\url{https://www.mysql.com/}},
	title        = {MySQL (02/12/2021)},
}








